<record><leader>00000cas a22000007a 4500</leader><controlfield tag="001">12608588</controlfield><controlfield tag="008">850927d185918uugaudn ne      0    0eng d</controlfield><datafield ind1=" " ind2=" " tag="010"><subfield code="a">sn 85038487 </subfield></datafield><datafield ind1=" " ind2=" " tag="040"><subfield code="a">NPY</subfield><subfield code="b">eng</subfield><subfield code="c">NPY</subfield><subfield code="d">NPX</subfield><subfield code="d">PPM</subfield><subfield code="d">NLG</subfield><subfield code="d">NVF</subfield><subfield code="d">GUA</subfield><subfield code="d">OCLCQ</subfield><subfield code="d">OCLCF</subfield><subfield code="d">OCLCO</subfield></datafield><datafield ind1="1" ind2=" " tag="029"><subfield code="a">AU@</subfield><subfield code="b">000026373845</subfield></datafield><datafield ind1=" " ind2=" " tag="042"><subfield code="a">msc</subfield></datafield><datafield ind1=" " ind2=" " tag="043"><subfield code="a">n-us-ga</subfield></datafield><datafield ind1="0" ind2="0" tag="245"><subfield code="a">Daily southern recorder.</subfield></datafield><datafield ind1=" " ind2=" " tag="260"><subfield code="a">Milledgeville, Ga. :</subfield><subfield code="b">R.M. Orme &amp; Son,</subfield><subfield code="c">[1859]-</subfield></datafield><datafield ind1=" " ind2=" " tag="300"><subfield code="a">v. ;</subfield><subfield code="c">48 cm.</subfield></datafield><datafield ind1=" " ind2=" " tag="310"><subfield code="a">Daily</subfield></datafield><datafield ind1="0" ind2=" " tag="362"><subfield code="a">Vol. 1, no. 1 (Nov. 3, 1859)-</subfield></datafield><datafield ind1=" " ind2=" " tag="500"><subfield code="a">Printed six issues per week, daily Tues.-Fri. plus 2 issues on Sat. during the Session of the Legislature.</subfield></datafield><datafield ind1=" " ind2=" " tag="530"><subfield code="a">Also on microfilm: Athens, Ga. : University of Georgia Libraries.</subfield></datafield><datafield ind1=" " ind2="0" tag="651"><subfield code="a">Milledgeville (Ga.)</subfield><subfield code="v">Newspapers.</subfield></datafield><datafield ind1=" " ind2="0" tag="651"><subfield code="a">Baldwin County (Ga.)</subfield><subfield code="v">Newspapers.</subfield></datafield><datafield ind1=" " ind2="7" tag="655"><subfield code="a">Newspapers.</subfield><subfield code="2">fast</subfield><subfield code="0">(OCoLC)fst01423814</subfield></datafield><datafield ind1=" " ind2="7" tag="651"><subfield code="a">Georgia</subfield><subfield code="z">Baldwin County.</subfield><subfield code="2">fast</subfield><subfield code="0">(OCoLC)fst01212301</subfield></datafield><datafield ind1=" " ind2="7" tag="651"><subfield code="a">Georgia</subfield><subfield code="z">Milledgeville.</subfield><subfield code="2">fast</subfield><subfield code="0">(OCoLC)fst01226246</subfield></datafield><datafield ind1=" " ind2=" " tag="752"><subfield code="a">United States</subfield><subfield code="b">Georgia</subfield><subfield code="c">Baldwin</subfield><subfield code="d">Milledgeville.</subfield></datafield><datafield ind1="0" ind2=" " tag="775"><subfield code="t">Southern recorder (Milledgeville, Ga.)</subfield><subfield code="w">(DLC)sn 82016415</subfield><subfield code="w">(OCoLC)9315258</subfield></datafield></record>